@Comment{x-kbibtex-encoding=iso-8859-1}

@Comment{x-kbibtex-personnameformatting=<%f ><%l>}

@Comment{% This file was created with JabRef 2.10b2.
% Encoding: UTF8}

@article{Di2004,
  title={The kappa statistic: A second look},
  author={Di E.B. and Glass M.},
  journal={Computational linguistics},
  volume={30},
  number={1},
  pages={95--101},
  year={2004},
  publisher={MIT Press}
}

@article{Rosnell2012,
  title={Point cloud generation from aerial image data acquired by a quadrocopter type micro unmanned aerial vehicle and a digital still camera},
  author={Rosnell T.and Honkavaara E.},
  journal={Sensors},
  volume={12},
  number={1},
  pages={453--480},
  year={2012},
  publisher={Molecular Diversity Preservation International}
}

@incollection{Criminisi2013c,
  title={Semi-supervised classification forests},
  author={Criminisi A. and Shotton J.},
  booktitle={Decision Forests for Computer Vision and Medical Image Analysis},
  pages={95--107},
  year={2013},
  publisher={Springer}
}

@article{Shotton2013,
  title={Efficient human pose estimation from single depth images},
  author={Shotton J. and Girshick R.and Fitzgibbon A.and Sharp T. and Cook M. and Finocchio M. and Moore R.and Kohli P. and Criminisi A. and Kipman A. and others},
  journal={Pattern Analysis and Machine Intelligence, IEEE Transactions on},
  volume={35},
  number={12},
  pages={2821--2840},
  year={2013},
  publisher={IEEE}
}

@book{Criminisi2012,
  title={Decision forests: A unified framework for classification, regression, density estimation, manifold learning and semi-supervised learning},
  author={Criminisi A. and Shotton J. and Konukoglu E.},
  year={2012},
  publisher={Now}
}

@book{Criminisi2013a,
  title={Decision forests for computer vision and medical image analysis},
  author={Criminisi A. and Shotton J.},
  year={2013},
  publisher={Springer Science \& Business Media}
}

@article{Criminisi2013,
  title={Regression forests for efficient anatomy detection and localization in computed tomography scans},
  author={Criminisi A.and Robertson D. and Konukoglu E. and Shotton J. and Pathak S. and White S. and Siddiqui K.},
  journal={Medical image analysis},
  volume={17},
  number={8},
  pages={1293--1303},
  year={2013},
  publisher={Elsevier}
}

@inproceedings{Jain2010a,
  title={Boundary learning by optimization with topological constraints},
  author={Jain V. and Bollmann B.and Richardson M. and Berger D.R.and Helmstaedter M.N., Briggman K.L. and Denk W. and Bowden J.B. and Mendenhall J.M. and Abraham W.,C. and others},
  booktitle={Computer Vision and Pattern Recognition (CVPR), 2010 IEEE Conference on},
  pages={2488--2495},
  year={2010},
  organization={IEEE}
}

@article{Jain2010,
  title={Machines that learn to segment images: a crucial technology for connectomics},
  author={Jain V. and Seung H.S. and Turaga S.C.},
  journal={Current opinion in neurobiology},
  volume={20},
  number={5},
  pages={653--666},
  year={2010},
  publisher={Elsevier}
}

@article{Biau2008,
  title={Consistency of random forests and other averaging classifiers},
  author={Biau G. and Devroye L. and Lugosi G.},
  journal={The Journal of Machine Learning Research},
  volume={9},
  pages={2015--2033},
  year={2008},
  publisher={JMLR. org}
}

@article{Fernandez2014,
  title={Do we need hundreds of classifiers to solve real world classification problems?},
  author={Fern{\'a}ndez-Delgado M. and Cernadas E. and Barro S. and Amorim D.},
  journal={The Journal of Machine Learning Research},
  volume={15},
  number={1},
  pages={3133--3181},
  year={2014},
  publisher={JMLR. org}
}

@article{Pau2010,
  title={EBImage--an R package for image processing with applications to cellular phenotypes},
  author={Pau G. and Fuchs F. and Sklyar O. and Boutros M. and Huber W.},
  journal={Bioinformatics},
  volume={26},
  number={7},
  pages={979--981},
  year={2010},
  publisher={Oxford Univ Press}
}

@article{Vinchesi2014,
  title={Quadrat Method for Assessing the Population Abundance of a Commercially Managed Native Soil-Nesting Bee, Nomia melanderi (Hymenoptera: Halictidae), in Proximity to Alfalfa Seed Production in the Western United States},
  author={Vinchesi A.C. and Walsh D.B.},
  journal={Journal of economic entomology},
  volume={107},
  number={4},
  pages={1695--1699},
  year={2014},
  publisher={The Oxford University Press}
}

@incollection{Latinne2001,
  title={Limiting the number of trees in random forests},
  author={Latinne P. and Debeir O. and Decaestecker C.},
  booktitle={Multiple Classifier Systems},
  pages={178--187},
  year={2001},
  publisher={Springer}
}

@misc{Meijering2007,
  title={FeatureJ: A Java Package for Image Feature Extraction},
  author={Meijering E.},
  year={2007}
}

@article{Vstencel2006,
  title={On calculation of chamfer distance and Lipschitz covers in digital images},
  author={{\v{S}}tencel M. and Jan{\'a}{\v{c}}ek J.},
  journal={Proceedings S4G. Prague: Union of Czech Mathematicians and Physicists},
  pages={517--522},
  year={2006}
}

@article{Chaudhury2011,
  title={Fast bilateral filtering using trigonometric range kernels},
  author={Chaudhury K.N. and Sage D. and Unser M.},
  journal={Image Processing, IEEE Transactions on},
  volume={20},
  number={12},
  pages={3376--3382},
  year={2011},
  publisher={IEEE}
}

@article{Tschumperle2005,
  title={Vector-valued image regularization with PDEs: A common framework for different applications},
  author={Tschumperle D. and Deriche R.},
  journal={Pattern Analysis and Machine Intelligence, IEEE Transactions on},
  volume={27},
  number={4},
  pages={506--517},
  year={2005},
  publisher={IEEE}
}

@article{Kendall1948,
  title={Rank correlation methods.},
  author={Kendall M.G.},
  year={1948},
  publisher={Griffin}
}

@article{Lin1989,
  title={A concordance correlation coefficient to evaluate reproducibility},
  author={Lawrence I. and Lin K.},
  journal={Biometrics},
  pages={255--268},
  year={1989},
  publisher={JSTOR}
}


@article{Unnikrishnan2007,
  title={Toward objective evaluation of image segmentation algorithms},
  author={Unnikrishnan R. and Pantofaru C. and Hebert M.},
  journal={Pattern Analysis and Machine Intelligence, IEEE Transactions on},
  volume={29},
  number={6},
  pages={929--944},
  year={2007},
  publisher={IEEE}
}

@article{Gislason2006,
  title={Random forests for land cover classification},
  author={Gislason P.O. and Benediktsson J.A. and Sveinsson J.R.},
  journal={Pattern Recognition Letters},
  volume={27},
  number={4},
  pages={294--300},
  year={2006},
  publisher={Elsevier}
}

@article{Rodriguez2012,
  title={An assessment of the effectiveness of a random forest classifier for land-cover classification},
  author={Rodriguez-Galiano V.F. and Ghimire B. and Rogan J. and Chica-Olmo M. and Rigol-Sanchez J.P.},
  journal={ISPRS Journal of Photogrammetry and Remote Sensing},
  volume={67},
  pages={93--104},
  year={2012},
  publisher={Elsevier}
}


@article{Bottou2007,
  title={Support vector machine solvers},
  author={Bottou L. and Lin C.},
  journal={Large scale kernel machines},
  pages={301--320},
  year={2007},
  publisher={Citeseer}
}


@article{Koprinska2007,
  title={Learning to classify e-mail},
  author={Koprinska I. and Poon J. and Clark J. and Chan J.},
  journal={Information Sciences},
  volume={177},
  number={10},
  pages={2167--2187},
  year={2007},
  publisher={Elsevier}
}

@incollection{Dietterich2000,
  title={Ensemble methods in machine learning},
  author={Dietterich T.G.},
  booktitle={Multiple classifier systems},
  pages={1--15},
  year={2000},
  publisher={Springer}
}

@inproceedings{Quinlan1996,
  title={Bagging, boosting, and C4. 5},
  author={Quinlan J.R.},
  booktitle={AAAI/IAAI, Vol. 1},
  pages={725--730},
  year={1996}
}
@article{Breiman1996,
  title={Bagging predictors},
  author={Breiman L},
  journal={Machine learning},
  volume={24},
  number={2},
  pages={123--140},
  year={1996},
  publisher={Springer}
}
@article{Ho1998a,
  title={The random subspace method for constructing decision forests},
  author={Ho T.K.},
  journal={Pattern Analysis and Machine Intelligence, IEEE Transactions on},
  volume={20},
  number={8},
  pages={832--844},
  year={1998},
  publisher={IEEE}
}

@article{Pal2005,
  title={Random forest classifier for remote sensing classification},
  author={Pal M.},
  journal={International Journal of Remote Sensing},
  volume={26},
  number={1},
  pages={217--222},
  year={2005},
  publisher={Taylor \& Francis}
}

@article{Breiman1999,
  title={Prediction games and arcing algorithms},
  author={Breiman L.},
  journal={Neural computation},
  volume={11},
  number={7},
  pages={1493--1517},
  year={1999},
  publisher={MIT Press}
}

@article{Amit1997,
  title={Joint induction of shape features and tree classifiers},
  author={Amit Y. and Geman D. and Wilder K.},
  journal={Pattern Analysis and Machine Intelligence, IEEE Transactions on},
  volume={19},
  number={11},
  pages={1300--1305},
  year={1997},
  publisher={IEEE}
}

@techreport{Amit1994,
  title={Randomized Inquiries About Shape: An Application to Handwritten Digit Recognition.},
  author={Amit Y. and Geman D.},
  year={1994},
  institution={DTIC Document}
}

@inproceedings{Ho1995,
  title={Random decision forests},
  author={Ho T.K.},
  booktitle={Document Analysis and Recognition, 1995., Proceedings of the Third International Conference on},
  volume={1},
  pages={278--282},
  year={1995},
  organization={IEEE}
}

@article{Schapire1990,
  title={The strength of weak learnability},
  author={Schapire, R.E.},
  journal={Machine learning},
  volume={5},
  number={2},
  pages={197--227},
  year={1990},
  publisher={Springer}
}

@article{Quinlan1986,
  title={Induction of decision trees},
  author={Quinlan, J.R.},
  journal={Machine learning},
  volume={1},
  number={1},
  pages={81--106},
  year={1986},
  publisher={Springer}
}

@article{Breiman2001,
  title={Random forests},
  author={Breiman L.},
  journal={Machine learning},
  volume={45},
  number={1},
  pages={5--32},
  year={2001},
  publisher={Springer}
}

@article{Breiman1996a,
  title={Bagging predictors},
  author={Breiman L.},
  journal={Machine learning},
  volume={24},
  number={2},
  pages={123--140},
  year={1996},
  publisher={Springer}
}

@book{Breiman1984,
  title={Classification and regression trees},
  author={Breiman L. and Friedman J. and Stone C.J. and Olshen R.A.},
  year={1984},
  publisher={CRC press}
}

@article{Breiman1998,
  title={Arcing classifier (with discussion and a rejoinder by the author)},
  author={Breiman L.},
  journal={The annals of statistics},
  volume={26},
  number={3},
  pages={801--849},
  year={1998},
  publisher={Institute of Mathematical Statistics}
}

@article{Breiman2001b,
  title={Statistical modeling: The two cultures (with comments and a rejoinder by the author)},
  author={Breiman L. and others},
  journal={Statistical Science},
  volume={16},
  number={3},
  pages={199--231},
  year={2001},
  publisher={Institute of Mathematical Statistics}
}

@article{Platt1999,
  title={Fast training of support vector machines using sequential minimal optimization},
  author={Platt J. and others},
  journal={Advances in kernel methods--support vector learning},
  volume={3},
  year={1999},
  publisher={Cambridge, MA}
}

@inproceedings{Kumar2006,
  title={Forecasting stock index movement: A comparison of support vector machines and random forest},
  author={Kumar M. and Thenmozhi M.},
  booktitle={Indian Institute of Capital Markets 9th Capital Markets Conference Paper},
  year={2006}
}

@article{Albert2008,
  title={Implementation of the random forest method for the imaging atmospheric Cherenkov telescope MAGIC},
  author={Albert J. and Aliu E. and Anderhub H. and Antoranz P. and Armada A. and Asensio M. and Baixeras C. and Barrio J.A. and Bartko H. and Bastieri D. and others},
  journal={Nuclear Instruments and Methods in Physics Research Section A: Accelerators, Spectrometers, Detectors and Associated Equipment},
  volume={588},
  number={3},
  pages={424--432},
  year={2008},
  publisher={Elsevier}
}

@inproceedings{Cutler2003,
  title={Identifying Redtops: Classification of Satellite Imagery for Tracking Mountain Pine Beetle Progression through a Pine Forest},
  author={Cutler R. and Brown L. and Powell J. and Bentz B. and Cutler A.},
  booktitle={Proceedings of the 35th Symposium on the Interface, March},
  pages={12--15},
  year={2003}
}

@article{Schwartz2006,
  title={Predicting extinctions as a result of climate change},
  author={Schwartz M.W. and Iverson L.R. and Prasad A.M. and Matthews S.N. and O'Connor R.J.},
  journal={Ecology},
  volume={87},
  number={7},
  pages={1611--1615},
  year={2006},
  publisher={Eco Soc America}
}

@article{Cutler2007,
  title={Random forests for classification in ecology},
  author={Cutler D.R. and Edwards J. Thomas C and Beard K.H. and Cutler A. and Hess K.T. and Gibson J. and Lawler J.J.},
  journal={Ecology},
  volume={88},
  number={11},
  pages={2783--2792},
  year={2007},
  publisher={Eco Soc America}
}

@article{Prasad2006,
  title={Newer classification and regression tree techniques: bagging and random forests for ecological prediction},
  author={Prasad A.M. and Iverson L.R. and Liaw A.},
  journal={Ecosystems},
  volume={9},
  number={2},
  pages={181--199},
  year={2006},
  publisher={Springer}
}

@article{Lawrence2006,
  title={Mapping invasive plants using hyperspectral imagery and Breiman Cutler classifications (RandomForest)},
  author={Lawrence R.L. and Wood S.D. and Sheley R.L.},
  journal={Remote Sensing of Environment},
  volume={100},
  number={3},
  pages={356--362},
  year={2006},
  publisher={Elsevier}
}

@article{Rodriguez2012a,
  title={An assessment of the effectiveness of a random forest classifier for land-cover classification},
  author={Rodriguez-Galiano V.F. and Ghimire B. and Rogan J. and Chica-Olmo M. and Rigol-Sanchez J.P.},
  journal={ISPRS Journal of Photogrammetry and Remote Sensing},
  volume={67},
  pages={93--104},
  year={2012},
  publisher={Elsevier}
}

@incollection{Svetnik2004,
  title={Application of Breiman's random forest to modeling structure-activity relationships of pharmaceutical molecules},
  author={Svetnik V. and Liaw A. and Tong C. and Wang T.},
  booktitle={Multiple Classifier Systems},
  pages={334--343},
  year={2004},
  publisher={Springer}
}

@inproceedings{Genuer2010,
  title={Random Forests based feature selection for decoding fMRI data},
  author={Genuer R. and Michel V. and Eger E. and Thirion B.},
  booktitle={Proceedings Compstat},
  number={267},
  pages={1--8},
  year={2010}
}


@article{Diaz2006,
  title={Gene selection and classification of microarray data using random forest},
  author={D{\'\i}az-Uriarte R. and De Andres S.},
  journal={BMC bioinformatics},
  volume={7},
  number={1},
  pages={3},
  year={2006},
  publisher={BioMed Central Ltd}
}

@article{Kaynig2010,
  title={Trainable WEKA Segmentation plugin},
  author={Kaynig V. and Arganda-Carreras I. and Cardona A.},
  journal={Kaynig, V and Arganda-Carreras, I, Editors},
  year={2010}
}

@book{Szeliski2010,
  title={Computer vision: algorithms and applications},
  author={Szeliski R.},
  year={2010},
  publisher={Springer Science \& Business Media}
}

@book{Krig2014,
  title={Computer Vision Metrics: Survey, Taxonomy, and Analysis},
  author={Krig S.},
  year={2014},
  publisher={Apress}
}

@article{Deriche1987,
  title={Using Canny's criteria to derive a recursively implemented optimal edge detector},
  author={Deriche R.},
  journal={International journal of computer vision},
  volume={1},
  number={2},
  pages={167--187},
  year={1987},
  publisher={Springer}
}

@article{Nock2005,
  title={Semi-supervised statistical region refinement for color image segmentation},
  author={Nock R. and Nielsen F.},
  journal={Pattern Recognition},
  volume={38},
  number={6},
  pages={835--846},
  year={2005},
  publisher={Elsevier}
}

@article{Nock2004,
  title={Statistical region merging},
  author={Nock R. and Nielsen F.},
  journal={Pattern Analysis and Machine Intelligence, IEEE Transactions on},
  volume={26},
  number={11},
  pages={1452--1458},
  year={2004},
  publisher={IEEE}
}

@book{Glasbey1995,
  title={Image analysis for the biological sciences},
  author={Glasbey C.A and Horgan G.W},
  volume={1},
  year={1995},
  publisher={Wiley Chichester}
}

@article{Abo2011,
  title={Thresholding based on Fisher linear discriminant},
  author={Abo-Eleneen Z.A},
  journal={Journal of pattern recognition research},
  volume={2},
  pages={326--334},
  year={2011}
}

@article{Wang2008,
  title={A novel image thresholding method based on Parzen window estimate},
  author={Wang S. and Chung F. and Xiong F.},
  journal={Pattern Recognition},
  volume={41},
  number={1},
  pages={117--129},
  year={2008},
  publisher={Elsevier}
}


@incollection{Blaschke2004,
  title={Image segmentation methods for object-based analysis and classification},
  author={Blaschke T. and Burnett C. and Pekkarinen A.},
  booktitle={Remote sensing image analysis: Including the spatial domain},
  pages={211--236},
  year={2004},
  publisher={Springer}
}

@article{AutoThresholdFiji,
  title={Auto Threshold},
  author={Gabriel L. and others.},
  journal={Software package available at http://fiji.sc/AutoThreshold},
  year={2015},
}

@article{Sezgin2004,
  title={Survey over image thresholding techniques and quantitative performance evaluation},
  author={Sezgin M. and Sankur B.},
  journal={Journal of Electronic imaging},
  volume={13},
  number={1},
  pages={146--168},
  publisher={International Society for Optics and Photonics},
  year={2004},
}


@article{Cromey2010,
  title={Avoiding twisted pixels: ethical guidelines for the appropriate use and manipulation of scientific digital images},
  author={Cromey D.W},
  journal={Science and engineering ethics},
  volume={16},
  number={4},
  pages={639--667},
  year={2010},
  publisher={Springer}
}

@article{Pearson2007,
  title={The good, the bad and the ugly},
  author={Pearson H.},
  journal={Nature},
  volume={447},
  number={7141},
  pages={138--140},
  year={2007},
  publisher={Nature Publishing Group}
}

@article{De2012,
  title={Icy: an open bioimage informatics platform for extended reproducible research},
  author={De Chaumont F. and Dallongeville S. and Chenouard N. and Herv{\'e} N. and Pop S. and Provoost T. and Meas-Yedid V. and Pankajakshan P. and Lecomte T. and Le Montagner Y. and others},
  journal={Nature methods},
  volume={9},
  number={7},
  pages={690--696},
  year={2012},
  publisher={Nature Publishing Group}
}

@book{Qidwai2011,
  title={Digital image processing: an algorithmic approach with MATLAB},
  author={Qidwai U. and Chen C.},
  year={2011},
  publisher={CRC press}
}

@article{North2006,
  title={Seeing is believing? A beginners' guide to dctical pitfalls in image acquisition},
  author={North A.J},
  journal={The Journal of cell biology},
  volume={172},
  number={1},
  pages={9--18},
  year={2006},
  publisher={Rockefeller Univ Press}
}

@article{Lam2001,
  title={Effects of JPEG compression on the accuracy of digital terrain models automatically derived from digital aerial images},
  author={Lam K.W and Li Z. and Yuan X.},
  journal={The Photogrammetric Record},
  volume={17},
  number={98},
  pages={331--342},
  year={2001},
  publisher={Wiley Online Library}
}

@article{Zabala2011,
  title={Effects of lossy compression on remote sensing image classification of forest areas},
  author={Zabala A and Pons X},
  journal={International Journal of Applied Earth Observation and Geoinformation},
  volume={13},
  number={1},
  pages={43--51},
  year={2011},
  publisher={Elsevier}
}

@inproceedings{Paola1995,
  title={The effect of lossy image compression on image classification},
  author={Paola J.D and Schowengerdt R.A},
  booktitle={Geoscience and Remote Sensing Symposium, 1995. IGARSS 95.Quantitative Remote Sensing for Science and Applications, International},
  volume={1},
  pages={118--120},
  year={1995},
  organization={IEEE}
}

@inproceedings{Zabala2006,
  title={Effects of JPEG and JPEG2000 lossy compression on remote sensing image classification for mapping crops and forest areas},
  author={Zabala A and Pons X and D{\'\i}az-Delgado R and Garc{\'\i}a F and Aul{\'\i}-Llin{\`a}s F and Serra-Sagrist{\`a} J},
  booktitle={Geoscience and Remote Sensing Symposium, 2006. IGARSS 2006. IEEE International Conference on},
  pages={790--793},
  year={2006},
  organization={IEEE}
}

@article{Altermatt2014,
  title={Big answers from small worlds: a user's guide for protist microcosms as a model system in ecology and evolution},
  author={Altermatt F. and Fronhofer E.A and Garnier A. and Giometto A. and Hammes F. and Klecka J. and Legrand D. and M{\"a}chler E. and Massie T.M and Pennekamp F. and others},
  journal={Methods in Ecology and Evolution},
  year={2014},
  publisher={Wiley Online Library}
}

@article{Easlon2014,
  title={Easy Leaf Area: Automated digital image analysis for rapid and accurate measurement of leaf area},
  author={Easlon, Hsien Ming and Bloom, Arnold J},
  journal={Applications in plant sciences},
  volume={2},
  number={7},
  year={2014},
  publisher={Botanical Society of America}
}


@article{Reichman2011,
  title={Challenges and opportunities of open data in ecology},
  author={Reichman O.J and Jones M.B and Schildhauer M.P},
  journal={Science},
  volume={331},
  number={6018},
  year={2011}
}

@article{Steiniger2009,
  title={Free and open source geographic information tools for landscape ecology},
  author={Steiniger S. and Hay G.J},
  journal={Ecological Informatics},
  volume={4},
  number={4},
  pages={183--195},
  year={2009},
  publisher={Elsevier}
}

@incollection{Evans2011,
  title={Modeling species distribution and change using random forest},
  author={Evans J.S and Murphy M.A and Holden Z.A and Cushman S.A},
  booktitle={Predictive Species and Habitat Modeling in Landscape Ecology},
  pages={139--159},
  year={2011},
  publisher={Springer}
}


@article{Mascaro2014,
  title={A tale of two "forests": Random Forest machine learning aids tropical forest carbon mapping},
  author={Mascaro J. and Asner G.P and Knapp D.E and Kennedy-Bowdoin T. and Martin R.E and Anderson C. and Higgins M. and Chadwick K.D},
  journal={PloS one},
  volume={9},
  number={1},
  pages={e85993},
  year={2014},
  publisher={Public Library of Science}
}

@inproceedings{Waske2007,
  title={Random forests for classifying multi--temporal sar data},
  author={Waske B. and Heinzel V. and Braun M. and Menz G.},
  booktitle={Proc. Envisat Symposium},
  pages={23--27},
  year={2007}
}

@article{Mellor2013,
  title={The performance of random forests in an operational setting for large area sclerophyll forest classification},
  author={Mellor A. and Haywood A. and Stone C. and Jones S.},
  journal={Remote Sensing},
  volume={5},
  number={6},
  pages={2838--2856},
  year={2013},
  publisher={Multidisciplinary Digital Publishing Institute}
}

@article{Feng2015a,
  title={UAV Remote Sensing for Urban Vegetation Mapping Using Random Forest and Texture Analysis},
  author={Feng Q. and Liu J. and Gong J.},
  journal={Remote Sensing},
  volume={7},
  number={1},
  pages={1074--1094},
  year={2015},
  publisher={Multidisciplinary Digital Publishing Institute}
}

@article{Feng2015b,
  title={Urban Flood Mapping Based on Unmanned Aerial Vehicle Remote Sensing and Random Forest Classifier - A Case of Yuyao, China},
  author={Feng Q. and Liu J. and Gong J.},
  journal={Water},
  volume={7},
  number={4},
  pages={1437--1455},
  year={2015},
  publisher={Multidisciplinary Digital Publishing Institute}
}
@article{Pajares2015,
  title={Overview and Current Status of Remote Sensing Applications Based on Unmanned Aerial Vehicles (UAVs)},
  author={Pajares G.},
  journal={Photogrammetric Engineering \& Remote Sensing},
  volume={81},
  number={4},
  pages={281--330},
  year={2015},
  publisher={American Society for Photogrammetry and Remote Sensing}
}


@article{Pena2015,
  title={Quantifying Efficacy and Limits of Unmanned Aerial Vehicle (UAV) Technology for Weed Seedling Detection as Affected by Sensor Resolution},
  author={Pe{\~n}a J.M and Torres-S{\'a}nchez J. and Serrano-P{\'e}rez A. and de Castro A.I and L{\'o}pez-Granados F.},
  journal={Sensors},
  volume={15},
  number={3},
  pages={5609--5626},
  year={2015},
  publisher={Multidisciplinary Digital Publishing Institute}
}

@article{Pena2012,
  title={Object-based approach for crop row characterization in UAV images for site-specific weed management},
  author={Pe{\~n}a B. and Jos{\'e} M. and Kelly M. and Castro A.I de and L{\'o}pez G., Francisca and others},
  year={2012}
}


@inproceedings{Jay2009,
  title={Invasive species mapping using low cost hyper spectral imagery},
  author={Jay S. and Lawrence R. and Repasky K. and Keith C.},
  booktitle={ASPRS 2009 Annual Conference, March},
  pages={9--13},
  year={2009}
}

@article{Burks2000,
  title={Classification of weed species using color texture features and discriminant analysis},
  author={Burks T.F and Shearer S.A and Payne F.A and others},
  journal={Transactions of the ASAE},
  volume={43},
  number={2},
  pages={441--448},
  year={2000}
}

@article{Soranno2015,
  title={It's Good to Share: Why Environmental Scientists' Ethics Are Out of Date},
  author={Soranno P.A and Cheruvelil K.S and Elliott K.C and Montgomery G.M},
  journal={BioScience},
  volume={65},
  number={1},
  pages={69--73},
  year={2015},
  publisher={Oxford University Press}
}

@article{Poisot2013,
  title={Moving toward a sustainable ecological science: don't let data go to waste!},
  author={Poisot T.E and Mounce R. and Gravel D.},
  journal={Ideas in Ecology and Evolution},
  volume={6},
  number={2},
  abstract={We strongly believe that data sharing is an ethical
  obligation for researchers. In this part, we point out the
  ethical aspects of data sharing, both with regards to
  other scientists, funding agencies, collaborators, and the
  civil society.},
  year={2013}
  
}

@article{Platforms2012,
  title={Advancing Technologies and Federating Communities},
  author={European Union},
  year={2012}
}

@book{Hothorn2014,
  title={A handbook of statistical analyses using R},
  author={Hothorn T. and Everitt B.S},
  year={2014},
  publisher={CRC Press}
}

@article{Fischer2014,
  title={The Roots of Beowulf},
  author={Fischer J.R},
  year={2014}
}

@book{Sterling1999,
  title={How to build a Beowulf: A Guide to the Implementation and Application of PC Clusters},
  author={Sterling T.L},
  year={1999},
  publisher={MIT press}
}

@article{Antony2013,
  title={Light microscopy applications in systems biology: opportunities and challenges},
  author={Antony P.A and Trefois C. and Stojanovic A. and Baumuratov A. Sagatovich and Kozak K.},
  journal={Cell Communication and Signaling},
  volume={11},
  number={1},
  pages={1--19},
  year={2013},
  publisher={BioMed Central}
}

@article{Clarke2003,
  title={Geocomputation's future at the extremes: high performance computing and nanoclients},
  author={Clarke K.C},
  journal={Parallel Computing},
  volume={29},
  number={10},
  pages={1281--1295},
  year={2003},
  publisher={Elsevier}
}

@inproceedings{Suri2002,
  title={Parallel Levenberg-Marquardt-Based Neural Network Training on Linux Clusters-A Case Study.},
  author={Suri N and Deodhare D and Nagabhushan P},
  booktitle={ICVGIP},
  year={2002}
}

@article{Lee2003,
  title={From a firm-based to a community-based model of knowledge creation: The case of the Linux kernel development},
  author={Lee G.K and Cole R. E},
  journal={Organization science},
  volume={14},
  number={6},
  pages={633--649},
  year={2003},
  publisher={INFORMS}
}


@article{Bonaccorsi2003,
  title={Why open source software can succeed},
  author={Bonaccorsi A. and Rossi C.},
  journal={Research policy},
  volume={32},
  number={7},
  pages={1243--1258},
  year={2003},
  publisher={Elsevier}
}


@article{NZbees,
  title={Native Bees: Digital image collections used for monitoring NZ bees},
  author={Nart N},
  journal={Information and data repository -- http://nzbees.github.io},
  year={2013},
}


@inproceedings{Github2012,
  title={Social coding in GitHub: transparency and collaboration in an open software repository},
  author={Dabbish L. and Stuart C. and Tsay J. and Herbsleb J.},
  booktitle={Proceedings of the ACM 2012 conference on Computer Supported Cooperative Work},
  pages={1277--1286},
  year={2012},
  organization={ACM}
}

@book{Matthew2011,
  title={Beginning Linux Programming},
  author={Matthew N. and Stones R.},
  year={2011},
  publisher={John Wiley \& Sons},
}

@article{Exiftool2013,
  title={ExifTool: Read, write and edit meta information},
  author={Harvey P},
  journal={Software package available at http://www. sno. phy. queensu. ca/~ phil/exiftool},
  year={2013},
}

@article{SmartGit2013,
  title={SmartGit 6.5.7: A Git client with Mercurial and Subversion support.},
  author={Syntevo},
  journal={Software package available at http://www.syntevo.com/smartgit/download},
  year={2013},
}

@article{Pyrenamer2015,
  title={Pyrenamer},
  author={Adolfo G.B},
  journal={Software available at https://launchpad.net/pyrenamer},
  publisher={Mass file renamer for GNOME.},
  year={2015},
}

@article{Openaccess,
  title={An Open Letter to the U.S. Congress },
  author={Signed by 25 Nobel Prize Winners},
  journal={Dcoument available at http://fas.org/sgp/news/2004/08/nobel082604.pdf},
  year={2004},
}

@article{Sonnenburg2007,
  title={The need for open source software in machine learning},
  author={Sonnenburg S. and Braun M.L and Ong C.S and Bengio S. and Bottou L. and Holmes G. and LeCunn Y. and Muller K.R and Pereira F. and Rasmussen C.E and others},
    journal={Journal of Machine Learning Research},
    volume={8},
    pages={2443--2466},
    year={2007},
    publisher={JMLR. org},
}

@article{AOO2015,
  title={Apache OpenOffice 4.1.1: The Free and Open Productivity Suite },
  author={The Apache Software Foundation.},
  journal={Software available at https://www.openoffice.org/},
  year={2015},
}

@article{Shamir2010,
  title={Pattern recognition software and techniques for biological image analysis},
  author={Shamir L. and Delaney J.D and Orlov N. and Eckley D.M and Goldberg I.G},
  journal={PLoS computational biology},
  volume={6},
  number={11},
  pages={e1000974},
  year={2010},
  publisher={Public Library of Science},
}


@article{Pennekamp2013,
  title={Implementing image analysis in laboratory-based experimental systems for ecology and evolution: a hands-on guide},
  author={Pennekamp, Frank and Schtickzelle, Nicolas},
  journal={Methods in Ecology and Evolution},
  volume={4},
  number={5},
  pages={483--492},
  year={2013},
  publisher={Wiley Online Library}
}

@article{Xnview2013,
  title={XnView: Software for viewing, converting, organising and editing raster images.},
  author={Pierre-emmanuel G.},
  journal={Software available at http://www. xnview. com},
  year={2014},
}

@book{Ramey2003,
  title={Bash Reference Manual},
  author={Ramey C. and Fox B.},
  year={2003},
  publisher={Network Theory Limited}
}


@article{Harvey2013,
  title={ExifTool: Read, write and edit meta information},
  author={Harvey P.},
  journal={Software package available at http://www. sno. phy. queensu. ca/~ phil/exiftool},
  year={2013}
}

@article{Behrens1997,
  title={Principles and procedures of exploratory data analysis.},
  author={Behrens J.T},
  journal={Psychological Methods},
  volume={2},
  number={2},
  pages={131},
  year={1997},
  publisher={American Psychological Association}
}

@article{Ljosa2009,
  title={Introduction to the quantitative analysis of two-dimensional fluorescence microscopy images for cell-based screening},
  author={Ljosa V. and Carpenter A.E},
  journal={PLoS computational biology},
  volume={5},
  number={12},
  pages={e1000603},
  year={2009},
  publisher={Public Library of Science}
}

@article{Mignard2007,
  title={Gaia: organisation and challenges for the data processing},
  author={Mignard F. and Bailer-Jones, Coryn and Bastian U and Drimmel R. and Eyer L. and Katz D. and Van Leeuwen F. and Luri X. and O'Mullane W. and Passot X. and others},
  journal={Proceedings of the International Astronomical Union},
  volume={3},
  number={S248},
  pages={224--230},
  year={2007},
  publisher={Cambridge Univ Press}
}

@article{Amen2011,
  title={Brain SPECT imaging in complex psychiatric cases: an evidence-based, underutilized tool},
  author={Amen D.G and Trujillo M. and Newberg A. and Willeumier K. and Tarzwell R. and Wu J.C and Chaitin B.},
  journal={The open neuroimaging journal},
  volume={5},
  pages={40},
  year={2011},
  publisher={Bentham Science Publishers}
}

@article{Delaney2008,
  title={An Inconvenient Truth? Scientific Photography and Archival Ambivalence},
  author={Delaney J.},
  journal={Archivaria},
  volume={65},
  pages={75--95},
  year={2008}
}

@article{Wilson2008,
  title={Sampling bee communities (Hymenoptera: Apiformes) in a desert landscape: are pan traps sufficient?},
  author={Wilson J.S and Griswold T. and Messinger O.J},
  journal={Journal of the Kansas Entomological Society},
  volume={81},
  number={3},
  pages={288--300},
  year={2008},
  publisher={BioOne}
}

@article{Tuell2009,
  title={Elevated pan traps to monitor bees in flowering crop canopies},
  author={Tuell J.K and Isaacs R.},
  journal={Entomologia experimentalis et applicata},
  volume={131},
  number={1},
  pages={93--98},
  year={2009},
  publisher={Wiley Online Library}
}


@article{Howlett2010,
  title={A review of New Zealand's deliberately introduced bee fauna: current status and potential impacts},
  author={Howlett B.G and Donovan B.J},
  journal={New Zealand Entomologist},
  volume={33},
  number={1},
  pages={92--101},
  year={2010},
  publisher={Taylor \& Francis}
}


@article{Lindenmayer2013,
  title={Benchmarking open access science against good science},
  author={Lindenmayer D. and Likens G.E.},
  journal={Bulletin of the Ecological Society of America},
  volume={94},
  number={4},
  pages={338--340},
  year={2013},
  publisher={Eco Soc America}
}

@article{Hampton2013,
  title={Big data and the future of ecology},
  author={Hampton S.E. and Strasser C.A. and Tewksbury J.J. and Gram W.K. and Budden A.E. and Batcheller A.L. and Duke C.S. and Porter J.H.},
  journal={Frontiers in Ecology and the Environment},
  volume={11},
  number={3},
  pages={156--162},
  year={2013},
  publisher={Eco Soc America}
}

@misc{Hey2009,
  title={Jim Gray on eScience: a transformed scientific method.},
  author={Hey T. and Tansley S. and Tolle K.M.},
  year={2009}
}

@article{Bell2009,
  title={Beyond the data deluge},
  author={Bell G. and Hey T. and Szalay A.},
  journal={Science},
  volume={323},
  number={5919},
  pages={1297--1298},
  year={2009}
}

@techreport{Johansson2011,
  title={Small vessel detection in high quality optical satellite imagery},
  author={Johansson P.},
  year={2011},
  institution={Tech. Report Chalmers University of Technology Sweden}
}

@article{Checchi2013,
  title={Validity and feasibility of a satellite imagery-based method for rapid estimation of displaced populations},
  author={Checchi F. and Stewart B.T. and Palmer J.J. and Grundy C.},
  journal={Int J Health Geogr},
  volume={12},
  number={4},
  year={2013},
  publisher={BioMed Central}
}

@inproceedings{Sanchez2011,
  title={Volunteer clouds and citizen cyberscience for LHC physics},
  author={Sanchez C. et al.},
  booktitle={Journal of Physics: Conference Series},
  volume={331},
  number={6},
  pages={062022},
  year={2011},
  organization={IOP Publishing}
}

@article{Vitolo2015,
  title={Web technologies for environmental Big Data},
  author={Vitolo C. and Elkhatib Y. and Reusser D. and Macleod C.J. and Buytaert W.},
  journal={Environmental Modelling \& Software},
  volume={63},
  pages={185--198},
  year={2015},
  publisher={Elsevier}
}

@article{Murray2009,
  title={Conservation ecology of bees: populations, species and communities},
  author={Murray T.E. and Kuhlmann M. and Potts S.G.},
  journal={Apidologie},
  volume={40},
  number={3},
  pages={211--236},
  year={2009},
  publisher={EDP Sciences}
}

@article{Compagno1991,
  title={Government protection for the great white shark(Carcharodon carcharias) in South Africa.},
  author={Compagno L.J.},
  journal={S. AFR. J. SCI./S.-AFR. TYDSKR. WET.},
  volume={87},
  number={7},
  pages={284--285},
  year={1991}
}

@inproceedings{Arbuckle2001,
  title={Biodiversity informatics in action: identification and monitoring of bee species using ABIS},
  author={Arbuckle T. and Schroder S and Steinhage V. and Wittmann D.},
  booktitle={Proc. 15th Int. Symp. Informatics for Environmental Protection},
  volume={1},
  pages={425--430},
  year={2001},
  organization={Citeseer}
}

@article{Nikolaou2010,
  title={VeSTIS: A Versatile Semi-Automatic Taxon Identification System from Digital Images},
  author={Nikolaou N. and Sampaziotis P. and Aplikioti M. and Drakos A. and Kirmitzoglou I. and Argyrou M. and Papamarkos N. and Promponas V.J},
  year={2010},
  publisher={EUT Edizioni Universit{\`a} di Trieste}
}

@incollection{Geng2012,
  title={A flexible method for localisation and classification of footprints of small species},
  author={Geng H. and Russell J. and Shin B. and Nicolescu R. and Klette R.},
  booktitle={Advances in Image and Video Technology},
  pages={274--286},
  year={2012},
  publisher={Springer}
}

@article{Osborne1999,
  title={A landscape-scale study of bumble bee foraging range and constancy, using harmonic radar},
  author={Osborne J.L. and Clark S.J. and Morris R.J. and Williams I.H. and Riley J.R. and Smith A.D. and Reynolds D.R. and Edwards A.S.},
  journal={Journal of Applied Ecology},
  volume={36},
  number={4},
  pages={519--533},
  year={1999},
  publisher={Wiley Online Library}
}

@article{Oneil2004,
  title={Tracking insects with harmonic radar: a case study},
  author={O'Neal M.E. and Landis D.A. and Rothwell E. and Kempel L. and Reinhard D.},
  journal={American Entomologist},
  volume={50},
  number={4},
  pages={212--218},
  year={2004},
  publisher={The Oxford University Press}
}

@article{Colpitts2004,
  title={Harmonic radar transceiver design: miniature tags for insect tracking},
  author={Colpitts B.G and Boiteau G.},
  journal={Antennas and Propagation, IEEE Transactions on},
  volume={52},
  number={11},
  pages={2825--2832},
  year={2004},
  publisher={IEEE}
}
@article{Lovei1997,
  title={Harmonic radar-a method using inexpensive tags to study invertebrate movement on land},
  author={L{\"o}vei G.L and Stringer I. and Devine C.D and Cartellieri M.},
  journal={New Zealand Journal of Ecology},
  volume={21},
  number={2},
  pages={187--193},
  year={1997}
}
@article{Brazee2005,
  title={A transponder for harmonic radar tracking of the black vine weevil in behavioral research},
  author={Brazee, RD and Miller, ES and Reding, ME and Klein, MG and Nudd, B and Zhu, H},
  journal={Transactions of the ASAE},
  volume={48},
  number={2},
  pages={831--838},
  year={2005}
}

@article{Mascanzoni1986,
  title={The harmonic radar: a new method of tracing insects in the field},
  author={Mascanzoni D. and Wallin H.},
  journal={Ecological Entomology},
  volume={11},
  number={4},
  pages={387--390},
  year={1986},
  publisher={Wiley Online Library}
}

@article{Offenhauser1949,
  title={The Sounds of Disease-Carrying Mosquitoes},
  author={Offenhauser J.and Kahn W. and Morton C.},
  journal={The Journal of the Acoustical Society of America},
  volume={21},
  number={3},
  pages={259--263},
  year={1949},
  publisher={Acoustical Society of America}
}

@article{Raman2007,
  title={Detecting insect flight sounds in the field: Implications for acoustical counting of mosquitoes},
  author={Raman D.R. and Gerhardt R.R. and Wilkerson J.B.},
  journal={Transactions of the ASABE},
  volume={50},
  number={4},
  pages={1481},
  year={2007}
}

@article{Solis2011,
  title={Scale invariant feature approach for insect monitoring},
  author={Solis-S{\'a}nchez L.O. and Casta{\~n}eda-Miranda R. and Garc{\'\i}a-Escalante J.J. and Torres-Pacheco I. and Guevara-Gonz{\'a}lez R.G. and Casta{\~n}eda-Miranda C.L. and Alaniz-Lumbreras P.D.},
  journal={Computers and Electronics in Agriculture},
  volume={75},
  number={1},
  pages={92--99},
  year={2011},
  publisher={Elsevier}
}

@article{Goodchild2007,
  title={Citizens as sensors: the world of volunteered geography},
  author={Goodchild M.F.},
  journal={GeoJournal},
  volume={69},
  number={4},
  pages={211--221},
  year={2007},
  publisher={Springer}
}

@article{Goodchild2010,
  title={Crowdsourcing geographic information for disaster response: a research frontier},
  author={Goodchild M.F. and Glennon J.A.},
  journal={International Journal of Digital Earth},
  volume={3},
  number={3},
  pages={231--241},
  year={2010},
  publisher={Taylor \& Francis}
}

@book{Irwin1995,
  title={Citizen science: a study of people, expertise, and sustainable development},
  author={Irwin A.},
  year={1995},
  publisher={Psychology Press}
}

@article{Kelling2009,
author = {Kelling, Steve and Hochachka, Wesley M. and Fink, Daniel and Riedewald, Mirek and Caruana, Rich and Ballard, Grant and Hooker, Giles}, 
title = {Data-intensive Science: A New Paradigm for Biodiversity Studies},
volume = {59}, 
number = {7}, 
pages = {613-620}, 
year = {2009}, 
doi = {10.1525/bio.2009.59.7.12}, 
abstract ={The increasing availability of massive volumes of scientific data requires new synthetic analysis techniques to explore and identify interesting patterns that are otherwise not apparent. For biodiversity studies, a ?data-driven? approach is necessary because of the complexity of ecological systems, particularly when viewed at large spatial and temporal scales. Data-intensive science organizes large volumes of data from multiple sources and fields and then analyzes them using techniques tailored to the discovery of complex patterns in high-dimensional data through visualizations, simulations, and various types of model building. Through interpreting and analyzing these models, truly novel and surprising patterns that are ?born from the data? can be discovered. These patterns provide valuable insight for concrete hypotheses about the underlying ecological processes that created the observed data. Data-intensive science allows scientists to analyze bigger and more complex systems efficiently, and complements more traditional scientific processes of hypothesis generation and experimental testing to refine our understanding of the natural world.}, 
URL = {http://bioscience.oxfordjournals.org/content/59/7/613.abstract}, 
eprint = {http://bioscience.oxfordjournals.org/content/59/7/613.full.pdf+html}, 
journal = {BioScience} 
}


@article{Catlin2012,
  title={The citizen science landscape: from volunteers to citizen sensors and beyond},
  author={Catlin-Groves, Christina L},
  journal={International Journal of Zoology},
  volume={2012},
  year={2012},
  publisher={Hindawi Publishing Corporation}
}

@book{Berthold2008,
  title={KNIME: The Konstanz information miner},
  author={Berthold M. R. and Cebron N. and Dill F. and Gabriel T. and K{\"o}tter T. and Meinl T. and Ohl P. and Sieb C. and Thiel K. and Wiswedel B.},
  year={2008},
  publisher={Springer}
}

@article{Schindelin2012,
  title={Fiji: an open-source platform for biological-image analysis},
  author={Schindelin J. and Arganda-Carreras I. and Frise E. and Kaynig V. and Longair M. and Pietzsch T. and Preibisch S. and Rueden C. and Saalfeld S. and Schmid B. and others},
  journal={Nature methods},
  volume={9},
  number={7},
  pages={676--682},
  year={2012},
  publisher={Nature Publishing Group}
}

@article{Schneider2012,
  title={NIH Image to ImageJ: 25 years of image analysis},
  author={Schneider C. A and Rasband W. S. and Eliceiri K. W},
  journal={Nature methods},
  volume={9},
  number={7},
  pages={671--675},
  year={2012},
  publisher={Nature Publishing Group}
}

@article{Mortensen2007,
  title={Pattern recognition for ecological science and environmental monitoring: An initial report},
  author={Mortensen, Eric N and Delgado, Enrique L and Deng, Hongli and Lytle, David and Moldenke, Andrew and Paasch, Robert and Shapiro, Linda and Wu, Pengcheng and Zhang, Wei and Dietterich, Thomas G},
  journal={Algorithmic Approaches to the Identification Problem in Systematics},
  year={2007},
  publisher={Citeseer}
}

@article{Sarpola2008,
  title={An aquatic insect imaging system to automate insect classification},
  author={Sarpola M. J. and Paasch R. K. and Mortensen E. N. and Dietterich T. G. and Lytle D. A. and Moldenke A. R. and Shapiro L. G.},
  journal={Transactions of the ASABE},
  volume={51},
  number={6},
  pages={2217--2225},
  year={2008}
}

@book{Macleod2007,
  title={Automated taxon identification in systematics: theory, approaches and applications},
  author={MacLeod N.},
  year={2007},
  publisher={CRC Press}
}

@article{Caci2013,
  title={Spotting the right spot: computer-aided individual identification of the threatened cerambycid beetle Rosalia alpina},
  author={Caci G. and Biscaccianti A. B. and Cistrone L. and Bosso L. and Garonna A. P. and Russo D.},
  journal={Journal of insect conservation},
  volume={17},
  number={4},
  pages={787--795},
  year={2013},
  publisher={Springer}
}

@article{Van2007,
  title={A computer-aided program for pattern-matching of natural marks on the spotted raggedtooth shark Carcharias taurus},
  author={Van Tienhoven A. M. and Den Hartog J. E. and Reijns R. A. and Peddemors V. M.},
  journal={Journal of Applied Ecology},
  volume={44},
  number={2},
  pages={273--280},
  year={2007},
  publisher={Wiley Online Library}
}
@article{Lytle2010,
  title={Automated processing and identification of benthic invertebrate samples},
  author={Lytle D. A. and Mart{\'\i}nez-Mu{\~n}oz G. and Zhang W. and Larios N. and Shapiro L. and Paasch R. and Moldenke A. and Mortensen E. N. and Todorovic S.and Dietterich T. G.},
  journal={Journal of the North American Benthological Society},
  volume={29},
  number={3},
  pages={867--874},
  year={2010},
  publisher={BioOne}
}
@inproceedings{Larios2010,
  title={Haar Random Forest Features and SVM Spatial Matching Kernel for Stonefly Species Identification.},
  author={Larios N. and Soran B. and Shapiro L.G. and Mart{\'\i}nez-Mu{\~n}oz G. and Lin J. and Dietterich T.G.},
  booktitle={ICPR},
  volume={1},
  pages={7},
  year={2010}
}

@inproceedings{Steinhage2001,
  title={ABIS: automated identification of bee species},
  author={Steinhage V. and Arbuckle T. and Schr{\"o}der S. and Cremers A.B. and Wittmann D.},
  booktitle={BIOLOG workshop, German programme on biodiversity and global change, status report},
  pages={194--195},
  year={2001}
}


@incollection{Roth1999,
  title={Pattern recognition combining feature-and pixel-based classification within a real world application},
  author={Roth V. and Pogoda A. and Steinhage V. and Schr{\"o}der S.},
  booktitle={Mustererkennung 1999},
  pages={120--129},
  year={1999},
  publisher={Springer}
}
@inproceedings{Lone2011,
  title={Automated real time dynamic identification of flying and resting butterfly species in the natural environment},
  author={Lone K.S. and Egerton S. and Cristofaro D. and Clementson S.},
  booktitle={2011 International Conference on Environment Science and Engineering (ICESE 2011)},
  pages={179--183},
  year={2011},
  organization={Institute of Electrical and Electronics Engineers}
}

@article{Bouckaert2010weka,
  title={WEKA---Experiences with a Java Open-Source Project},
  author={Bouckaert R.R and Frank E. and Hall M.A and Holmes G. and Pfahringer B. and Reutemann P. and Witten I.H},
  journal={The Journal of Machine Learning Research},
  volume={11},
  pages={2533--2541},
  year={2010},
  publisher={JMLR. org}
}

@article{Hall2009,
  title={The WEKA data mining software: an update},
  author={Hall M. and Frank E. and Holmes G. and Pfahringer B. and Reutemann P. and Witten I.H.},
  journal={ACM SIGKDD explorations newsletter},
  volume={11},
  number={1},
  pages={10--18},
  year={2009},
  publisher={ACM}
}

@article{Mayo2007,
  title={Automatic species identification of live moths},
  author={Mayo M. and Watson A.T.},
  journal={Knowledge-Based Systems},
  volume={20},
  number={2},
  pages={195--202},
  year={2007},
  publisher={Elsevier}
}

@inproceedings{Batista2011,
  title={SIGKDD demo: sensors and software to allow computational entomology, an emerging application of data mining},
  author={Batista G.E. and Keogh E.J. and Mafra-Neto A. and Rowton E.},
  booktitle={Proceedings of the 17th ACM SIGKDD international conference on Knowledge discovery and data mining},
  pages={761--764},
  year={2011},
  organization={ACM}
}

@article{Newman2003,
  title={Data-intensive e-science frontier research},
  author={Newman H.B. and Ellisman M.H. and Orcutt J.A.},
  journal={Communications of the ACM},
  volume={46},
  number={11},
  pages={68--77},
  year={2003},
  publisher={ACM}
}

@inproceedings{Potamitis2006,
  title={Automatic acoustic identification of insects inspired by the speaker recognition paradigm.},
  author={Potamitis I. and Ganchev T. and Fakotakis N.},
  booktitle={INTERSPEECH},
  year={2006}
}

@article{Pierrer2006,
  title={DARwin software, version 5.0},
  author={Pierrer X. and Jacquemoud-Collet J.P.},
  journal={Available from Internet: http://darwin. cirad. fr/Download. php.[cited January 5, 2010]},
  year={2006}
}

@article{Towner2013,
  title={Gauging the threat: the first population estimate for white sharks in South Africa using photo identification and automated software},
  author={Towner A.V. and Wcisel M.A. and Reisinger R.R. and Edwards D. and Jewell O.J.},
  journal={PloS one},
  volume={8},
  number={6},
  pages={e66035},
  year={2013},
  publisher={Public Library of Science}
}

@Book{Kaku1999,
  title={Visions: how science will revolutionize the 21st century},
  author={Kaku M.},
  year={1999},
  publisher={Oxford University Press}
}

@ARTICLE{Mack2015, 
author={Mack C.}, 
journal={Spectrum, IEEE}, 
title={The Multiple Lives of Moore's Law}, 
year={2015}, 
month={April}, 
volume={52}, 
number={4}, 
pages={31-31}, 
keywords={Internet;automobiles;integrated circuits;mobile handsets;Internet;Moore lawmultiple live;automatic control system;car;home computer;integrated chip;mobile phone;Integrated circuits;Market research;Moore's Law}, 
doi={10.1109/MSPEC.2015.7065415}, 
ISSN={0018-9235},
}

@article{Schaller1997,
  title={Moore's law: past, present and future},
  author={Schaller R.R.},
  journal={Spectrum, IEEE},
  volume={34},
  number={6},
  pages={52--59},
  year={1997},
  publisher={IEEE}
}
@article{Fellendorf2004,
  title={Devasting effects of river flooding to the ground-nesting bee, Andrena vaga (Hymenoptera: Andrenidae), and its associated fauna},
  author={Fellendorf M. and Mohra C. and Paxton R.J.},
  journal={Journal of Insect Conservation},
  volume={8},
  number={4},
  pages={311--312},
  year={2004},
  publisher={Springer}
}

@article{Roulston2007,
  title={A comparison of pan trap and intensive net sampling techniques for documenting a bee (Hymenoptera: Apiformes) fauna},
  author={Roulston T.H. and Smith S.A. and Brewster A.L.},
  journal={Journal of the Kansas Entomological Society},
  volume={80},
  number={2},
  pages={179--181},
  year={2007},
  publisher={BioOne}
}
@article{Cane2000,
  title={Sampling bees (Hymenoptera: Apiformes) for pollinator community studies: pitfalls of pan-trapping},
  author={Cane J.H. and Minckley R.L. and Kervin L.J.},
  journal={Journal of the Kansas Entomological Society},
  pages={225--231},
  year={2000},
  publisher={JSTOR}
}

@article{Larson2008,
  author       = {Larsson M. and Franz\'e n M.},
  issn         = {0307-6946},
  number       = {2},
  pages        = {232--238},
  publisher    = {Blackwell Publishing},
  Journal       = {Ecological Entomology},
  title        = {Estimating the population size of specialised solitary bees},
  url          = {http://dx.doi.org/10.1111/j.1365-2311.2007.00956.x},
  volume       = {33},
  year         = {2008},
}

@article{Nielsen2011,
  title={Assessing bee species richness in two Mediterranean communities: importance of habitat type and sampling techniques},
  author={Nielsen A. and Steffan-Dewenter I. and Westphal C. and Messinger O. and Potts S.G. and Roberts S P. and Settele J. and Szentgy{\"o}rgyi H. and Vaissiere B.E. and Vaitis M. and others},
  journal={Ecological research},
  volume={26},
  number={5},
  pages={969--983},
  year={2011},
  publisher={Springer}
}

@article{Westphal2008,
  title={Measuring bee diversity in different European habitats and biogeographical regions},
  author={Westphal C. and Bommarco R. and Carr{\'e} G. and Lamborn E. and Morison N. and Petanidou T. and Potts S.G. and Roberts S.P. and Szentgy{\"o}rgyi H. and Tscheulin T. and others},
  journal={Ecological Monographs},
  volume={78},
  number={4},
  pages={653--671},
  year={2008},
  publisher={Eco Soc America}
}

@article{Bischoff2003,
  title={Population dynamics of the solitary digger bee Andrena vaga Panzer (Hymenoptera, Andrenidae) studied using mark-recapture and nest counts},
  author={Bischoff I.},
  journal={Population ecology},
  volume={45},
  number={3},
  pages={197--204},
  publisher={Springer},
  year={2003},
}


@article{de2007,
  title={Taxonomic impediment or impediment to taxonomy? A commentary on systematics and the cybertaxonomic-automation paradigm},
  author={de Carvalho M.R. and Bockmann F.A. and Amorim D.S. and Brand{\~a}o C.R. and de Vivo M. and de Figueiredo J.L. and Britski H.A. and de Pinna M. and Menezes N.A. and Marques F.P. and others},
  journal={Evolutionary Biology},
  volume={34},
  number={3-4},
  pages={140--143},
  year={2007},
  publisher={Springer}
}
@Article{Kearns2011,
	Author = {Kearns C.A. and Inouye D.W. and Waser N.M.},
	Journal = {Annual Review of Ecology Systematics},
	Number = {1},
	Pages = {83--112},
	Title = {{Endangered mutualisms: The Conservation of Plant-Pollinator Interactions}},
	Type = {Journal Article},
	Volume = {29},
	Year = {2011}
}

@Book{Donovan2007,
	author = {Donovan B.J.},
	pages = {295},
	title = {Apoidea (Insecta: Hymenoptera), Fauna of New Zealand},
	type = {Book},
	volume = {57},
	Publisher = {Manaaki Whenua Press, Landcare Research},
	year = {2007},
}


@Article{Donovan2010,
	Author = {Donovan B.J. and Howlett B. and Walker M.},
	DOI = {10.1080/00779962.2010.9722198},
	ISSN = {0077-9962},
	Journal = {New Zealand Entomologist},
	Number = {1},
	Pages = {109--113},
	Title = {{Relocation and establishment of nesting populations of the native bee \emph{Leioproctus huakiwi} Donovan (Hymenoptera: Colletidae)}},
	Type = {Journal Article},
	URL = {http://dx.doi.org/10.1080/00779962.2010.9722198},
	Volume = {33},
	Year = {2010}
}

@Misc{Mohra2001,
	Author = {Mohra C. and Fellendorf M. and Paxton R.J.},
	Title = {{The Population Dynamics and Genetics of Solitary Bees: A European Case Study, Andrena Vaga ( Hymenoptera, Andrenidae)}},
	Type = {Generic},
	Year = {2001}
}

@Book{Michener2000,
	Author = {Michener C.D.},
	Publisher = {Johns Hopkins University Press},
	Title = {{Bees of the World}},
	Type = {Book},
	Year = {2000}
}

@Article{Goulson2003,
	Author = {Goulson D.},
	Journal = {Food, Agriculture \& Environment},
	Pages = {142--144},
	Title = {{Conserving wild bees for crop pollination.}},
	Type = {Journal Article},
	Volume = {1},
	Year = {2003}
}

@Misc{Kelly1997,
	Author = {Kelly D.},
	Number = {March 2009},
	Publisher = {University of Canterbury},
	Title = {{Pollination: native bees with new tricks}},
	Type = {Web Page},
	URL = {http://www.canterbury.ac.nz/publish/research/97/A01.htm},
	Volume = {2003},
	Year = {1997}
}

@Article{Kelly1996,
	Author = {Kelly D. and Ladley J.J. and Robertson A.W. and Edwards J.and Smith D.C.},
	Journal = {Nature},
	Pages = {384},
	Title = {{The birds and the bees}},
	Type = {Journal Article},
	Year = {1996}
}

@article{Kearns1998,
  title={Endangered mutualisms: the conservation of plant-pollinator interactions},
  author={Kearns C.A. and Inouye D.W. and Waser N.M.},
  journal={Annual review of ecology and systematics},
  pages={83--112},
  year={1998},
  publisher={JSTOR}
}

@Article{Lloyd1985,
	Author = {Lloyd D.G.},
	Journal = {New Zealand Journal of Botany},
	Pages = {707--722},
	Title = {{Progress in understanding the natural history of New Zealand plants}},
	Type = {Journal Article},
	Volume = {23},
	Year = {1985}
}

@Article{Moosmann2008,
	Author = {Moosmann F. and Nowak E. and Jurie F.},
	DOI = {10.1109/tpami.2007.70822},
	ISSN = {0162-8828},
	Journal = {IEEE Trans. Pattern Anal. Mach. Intell.},
	Number = {9},
	Pages = {1632--1646},
	Title = {Randomized Clustering Forests for Image Classification},
	Type = {Journal Article},
	Volume = {30},
	Year = {2008}
}

@Misc{Fiji2011,
	Author = {Fiji},
	Title = {{Fiji Is Just ImageJ}},
	Type = {Web Page},
	URL = {http://pacific.mpi-cbg.de/wiki/index.php/Fiji},
	Year = {2011}
}

@Article{Allsopp2008,
	Author = {Allsopp M.H. and de Lange W.J. and Veldtman R.},
	Journal = {PLoS ONE},
	Number = {9},
	Title = {{Valuing Insect Pollination Services with Cost of Replacement}},
	Type = {Journal Article},
	Volume = {3},
	Year = {2008}
}
@PhDThesis{Hart2004,
	Author = {Hart N.},
	Title = {Methods for studying potential flight distances and foraging behaviours of native pollinating insects in New Zealand},
	Type = {PGDip},
	University = {University of Auckland},
	School = {University of Auckland, School of Environmental Science},
	year = {2004},
}
@PhDThesis{Hart2007,
	Author = {Hart N.},
	Title = {New Zealand Native Bees: A case Study in Whangarei},
	Type = {MSc},
	University = {University of Auckland},
	School = {University of Auckland, School of Enviromental Science},
	Year = {2007},
}

@Article{Hart2014,
  title={Monitoring populations of solitary bees using image processing techniques},
  author={Hart N.H. and Huang L.},
  journal={International Journal of Computer Applications in Technology},
  volume={50},
  number={1},
  pages={45--50},
  year={2014},
  publisher={Inderscience},
}


@inproceedings{Hart2012,
  title={Counting insects in flight using image processing techniques},
  author={Hart N.H. and Huang L.},
  booktitle={Proceedings of the 27th Conference on Image and Vision Computing New Zealand},
  pages={274--278},
  year={2012},
  organization={ACM},
}
@inproceedings{Hart2011,
  title={An image based approach to monitor New Zealand native bees},
  author={Hart N.H. and Huang L.},
  booktitle={Robotics, Automation and Mechatronics (RAM), 2011 IEEE Conference on},
  pages={353--357},
  year={2011},
  organization={IEEE},
}
@inproceedings{Hart2012a,
  title={Monitoring nests of solitary bees using image processing techniques},
  author={Hart N.H. and Huang L.},
  booktitle={Mechatronics and Machine Vision in Practice (M2VIP), 2012 19th International Conference},
  pages={1--4},
  year={2012},
  organization={IEEE},
}

@Article{Irwin2001,
	Author = {Irwin A.},
	Journal = {Public Understanding of Science},
	Number = {1},
	Pages = {1--18},
	Title = {{Constructing the scientific citizen: Science and democracy in the biosciences}},
	Type = {Journal Article},
	Volume = {10},
	Year = {2001}
}

@Article{Canej2003,
	Author = {Cane J.},
	Journal = {The Journal of the Kansas Entomological Society},
	Pages = {172--176},
	Title = {{Annual displacement of soil in nest tumuli of alkali bees (\emph{Nomia melanderi}) (Hymenoptera: Apiformies: Halictidae) across an agricultural landscape}},
	Type = {Journal Article},
	Volume = {76},
	Year = {2003}
}

@Article{Gaston2004,
	Author = {Gaston K.J. and O'Neill M.A.},
	Journal = {Philosophical Transactions of the Royal Society of London},
	Number = {359},
	Pages = {655--667},
	Title = {{Automated species identification-why not?}},
	Type = {Journal Article},
	Volume = {B},
	Year = {2004}
}

@Article{Cane2008,
	Author = {Cane J.H.},
	DOI = {10.1051/apido:2008013},
	ISSN = {0044-8435 1297-9678},
	Journal = {The Journal of the Kansas Entomological Society},
	Pages = {315--323},
	Title = {{A native ground-nesting bee (Nomia melanderi) sustainably managed to pollinate alfalfa across an intensively agricultural landscape}},
	Type = {Journal Article},
	Volume = {39},
	Year = {2008}
}



@Article{Loke2011,
	Author = {Loke K.S. and Egerton S. and Cristofaro D. and S Clementson},
	Journal = {International Conference on Environment Science and Engineering},
	Title = {{Automated real-time dynamic identification of flying and resting butterfly species}},
	Type = {Journal Article},
	Volume = {8},
	Year = {2011}
}

@InBook{NewstromL2013,
	Author = {Newstrom-Lloyd L.E.},
	BookTitle = {{Ecosystem Services in New Zealand}},
	Pages = {408--431},
	Publisher = {Manaaki Whenua Press},
	Title = {{Pollination in New Zealand}},
	Type = {Book Section},
	Year = {2013}
}


@Article{NewstromL2005,
	Author = {Newstrom L.E. and Roberston A.},
	Journal = {New Zealand Journal of Botany},
	Pages = {1--59},
	Title = {{Progress in understanding pollination systems in New Zealand}},
	Type = {Journal Article},
	Volume = {43},
	Year = {2005}
}

@Article{Levy2006,
	Author = {Levy S.},
	Journal = {Onearth},
	Pages = {14--22},
	Title = {{The Vanishing}},
	Type = {Magazine Article},
	Volume = {28},
	Year = {2006}
}

@Article{Bauer2010,
	Author = {Bauer D.M. and Wing I.S.},
	Journal = {Agricultural and Resource Economics Review},
	Number = {3},
	Pages = {368--383},
	Title = {{Economic Consequences of Pollinator Declines: A Synthesis}},
	Type = {Journal Article},
	Volume = {39},
	Year = {2010}
}


@InBook{ONeill2011a,
	Author = {ONeill M.},
	BookTitle = {{Automated Taxon Identification in Systematics}},
	Pages = {101--114},
	Publisher = {CRC Press},
	Series = {{Systematics Association Special Volumes}},
	Title = {{Daisy}},
	Type = {Book Section},
	Year = {2011}
}
@Article{Losey2006,
	Author = {Losey J.E. and Vaughan M.}, 
	Title = {The Economic Value of Ecological Services Provided by Insects},
	Volume = {56}, 
	Number = {4}, 
	Pages = {311--323}, 
	Year = {2006}, 
	abstract ={In this article we focus on the vital ecological services provided by insects. We restrict our focus to services provided by ?wild? insects; we do not include services from domesticated or mass-reared insect species. The four insect services for which we provide value estimates?dung burial, pest control, pollination, and wildlife nutrition?were chosen not because of their importance but because of the availability of data and an algorithm for their estimation. We base our estimations of the value of each service on projections of losses that would accrue if insects were not functioning at their current level. We estimate the annual value of these ecological services provided in the United States to be at least $57 billion, an amount that justifies greater investment in the conservation of these services.}, 
URL = {http://bioscience.oxfordjournals.org/content/56/4/311.abstract}, 
eprint = {http://bioscience.oxfordjournals.org/content/56/4/311.full.pdf+html}, 
journal = {BioScience} 
}


@Misc{Nikolaou2010,
	Author = {Nikolaou N. and Sampaziotis P. and Aplikioti M. and Drakos A. and Kirmitzoglou I. and Papamarkos N. and Promponas V.J.},
	Pages = {231--236},
	Title = {{VeSTIS: A Versatile Semi- Automatic Taxon Identification System from Digital Images}},
	Type = {Generic},
	Year = {2010}
}

@Article{Otoole2002,
	Author={O'Toole C.},
	Title={Those other bees: changing the funding culture},
	Journal={Pollinating Bees-The Conservation Link Between Agriculture and Nature},
	Pages={37--40},
	Year={2002},
	Publisher={Ministry of Environment},
	Type = {Generic},
}

@Article{Potts2005,
	Author = {Potts S.G. and Vulliamy B. and Roberts R. and  O'toole C. and Dafni A. and Ne'eman G. and Willmer P.},
	Journal = {Ecological Entomology},
	Pages = {78--85},
	Title = {{Role of nesting resources in organising diverse bee communities in a Mediterranean landscape}},
	Type = {Journal Article},
	Volume = {30},
	Year = {2005}
}


@Article{Primack1983,
	Author = {Primack B.},
	Journal = {New Zealand Journal of Botany},
	Pages = {317--333},
	Title = {{Insect pollination in the New Zealand mountain flora}},
	Type = {Journal Article},
	Volume = {21},
	Year = {1983}
}

@Book{Rayment1935,
	Author = {Tarlton R.},
	Publisher = {Endeavour press},
	Title = {{A cluster of bees}},
	Year = {1935}
}

@Article{Robertson2003,
	Author = {Robertson D.P. and Hull R.B.},
	Journal = {Environmental Science \& Policy},
	Keywords = {Biocultural Citizen science Democracy Human ecosystems Public participation},
	Number = {5},
	Pages = {399--410},
	Title = {{Public ecology: an environmental science and policy for global society}},
	Type = {Journal Article},
	Volume = {6},
	Year = {2003}
}

@InBook{Russell2008,
	Author = {Russell K.N. and Do M.T. and Huff J.C. and Platnick N.I. and  MacLeod N.},
	BookTitle = {{Automated Taxon Identification in Systematics: Theory, Approaches and Applications}},
	Editor = {N. MacLeod},
	Pages = {131--152},
	Publisher = {CRC Press},
	Title = {{Introducing Spida-Web: Wavelets, Neural Networks and Internet Accessibility in an Image-Based Automated Identification System”}},
	Type = {Book Section},
	Year = {2008}
}
@Article{Kevan2003,
  title={The global decline of pollination services},
  author={Kevan P.G. and Viana B.F.},
  journal={Biodiversity},
  volume={4},
  number={4},
  pages={3--8},
  year={2003},
  publisher={Taylor \& Francis}
}


@Book{Buchmann1997,
	Author = {Buchmann S.L. and Nabhan G.P. and Mirocha P.},
	ISBN = {9781559633536},
	Lccn = {96000802},
	Publisher = {Island Press},
	Series = {{A Shearwater book}},
	Title = {{The Forgotten Pollinators}},
	URL = {http://books.google.co.nz/books?id=7brKTBpb2-0C},
	Year = {1997}
}


@InBook{Schroder2002,
	Address = {Brasília},
	Author = {Schroder S. and Wittmann D. and Drescher W. and Roth V. and Steinhage V. and Cremers A.B.},
	BookTitle = {{Pollinating Bees - The Conservation Link Between Agriculture and Nature - Ministry of Environment}},
	Pages = {209--216},
	Publisher = {Kevan P \& Imperatriz Fonseca VL},
	Title = {{The New Key to Bees: Automated Identification by Image Analysis of Wings}},
	Type = {Book Section},
	Year = {2002}
}

@Article{Shavit2009,
  title={Competition between honeybees (\emph{Apis mellifera}) and native solitary bees in the Mediterranean region of Israel?Implications for conservation},
  author={Shavit O. and Dafni A. and Ne'eman G.},
  journal={Israel Journal of Plant Sciences},
  volume={57},
  number={3},
  pages={171--183},
  year={2009},
  publisher={Taylor \& Francis}
}


@Article{Solis2009,
	title={Machine vision algorithm for whiteflies (Bemisia tabaci Genn.) scouting under greenhouse environment},
	author={Solis-S{\'a}nchez L.O. and Garc{\'\i}a-Escalante J.J. and Casta{\~n}eda-Miranda R. and Torres-Pacheco I. and Guevara-Gonz{\'a}lez R.},
	journal={Journal of Applied Entomology},
	volume={133},
	number={7},
	pages={546--552},
	year={2009},
	publisher={Wiley Online Library}
}

@Article{Starr1992,
	Author = {Starr C.},
	Journal = {Proceedings of the National Academy of Science USA},
	Pages = {868--869},
	Title = {{Education Ecology}},
	Type = {Journal Article},
	Volume = {89},
	Year = {1992}
}

@Article{Steffan2003,
	Author = {Ingolf S.},
	DOI = {10.1046/j.1523-1739.2003.01575.x},
	ISSN = {1523-1739},
	Journal = {Conservation Biology},
	Number = {4},
	Pages = {1036--1044},
	Publisher = {Blackwell Science, Inc.},
	Title = {{Importance of Habitat Area and Landscape Context for Species Richness of Bees and Wasps in Fragmented Orchard Meadows}},
	URL = {http://dx.doi.org/10.1046/j.1523-1739.2003.01575.x},
	Volume = {17},
	Year = {2003}
}


@article {Williams2010,
author = {Williams G.R. and Tarpy D.R. and vanEngelsdorp D. and Chauzat M. and Cox-Foster D.L. and Delaplane K.S. and Neumann P. and Pettis J.S. and Rogers R.E. and Shutler D.},
title = {Colony Collapse Disorder in context},
journal = {BioEssays},
volume = {32},
number = {10},
publisher = {WILEY-VCH Verlag},
issn = {1521-1878},
url = {http://dx.doi.org/10.1002/bies.201000075},
doi = {10.1002/bies.201000075},
pages = {845--846},
year = {2010},
}

@Article{Ward2012,
	Author = {Ward D.F. and Early J.W. and Schnitzler F.R. and  Hitchmough R.A. and Stringer I.A.},
	DOI = {10.1080/00779962.2012.686315},
	Eprint = {http://dx.doi.org/10.1080/00779962.2012.686315},
	Journal = {New Zealand Entomologist},
	Number = {2},
	Pages = {116--119},
	Title = {{The conservation status of New Zealand Hymenoptera}},
	URL = {http://dx.doi.org/10.1080/00779962.2012.686315},
	Volume = {35},
	Year = {2012}
}

@Article{Watson2003,
	Author = {Watson A.T. and O`Neill M.A. and Kitching I.J.},
	Journal = {Systematics and Biodiversity},
	Pages = {287--300},
	Title = {{Automated identification of live moths (Macrolepidoptera) using Digital Automated Identification SYstem (DAISY)}},
	Type = {Journal Article},
	Year = {2003},
}

@Article{Weeks1997,
	Author = {Weeks P.J and Gaston K.J.},
	DOI = {10.1023/a:1018348204573},
	ISSN = {0960-3115},
	Journal = {Biodiversity and Conservation},
	Keywords = {Biomedical and Life Sciences},
	Number = {2},
	Pages = {263--274},
	Title = {{Image analysis, neural networks, and the taxonomic impediment to biodiversity studies}},
	Type = {Journal Article},
	URL = {http://dx.doi.org/10.1023/A:1018348204573},
	Volume = {6},
	Year = {1997},
}

@article{Wheeler2004,
  title={Taxonomic triage and the poverty of phylogeny},
  author={Wheeler Q.D},
  journal={Philosophical Transactions of the Royal Society B: Biological Sciences},
  volume={359},
  number={1444},
  pages={571--583},
  year={2004},
  publisher={The Royal Society},
}